
@article{batesFittingLinearMixedEffects2015,
  title = {Fitting {{Linear Mixed}}-{{Effects Models Using}} {\textbf{Lme4}}},
  author = {Bates, Douglas and M{\"a}chler, Martin and Bolker, Ben and Walker, Steve},
  year = {2015},
  journal = {Journal of Statistical Software},
  volume = {67},
  number = {1},
  issn = {1548-7660},
  doi = {10.18637/jss.v067.i01},
  language = {en},
  file = {/Users/scottericr/Zotero/storage/73TC58JG/Bates et al. - 2015 - Fitting Linear Mixed-Effects Models Using lme4.pdf}
}

@article{bennettGlobThermGlobalDatabase2018,
  title = {{{GlobTherm}}, a Global Database on Thermal Tolerances for Aquatic and Terrestrial Organisms},
  author = {Bennett, Joanne M. and Calosi, Piero and {Clusella-Trullas}, Susana and Mart{\'i}nez, Brezo and Sunday, Jennifer and Algar, Adam C. and Ara{\'u}jo, Miguel B. and Hawkins, Bradford A. and Keith, Sally and K{\"u}hn, Ingolf and Rahbek, Carsten and Rodr{\'i}guez, Laura and Singer, Alexander and Villalobos, Fabricio and {\'A}ngel Olalla-T{\'a}rraga, Miguel and {Morales-Castilla}, Ignacio},
  year = {2018},
  month = mar,
  journal = {Scientific Data},
  volume = {5},
  number = {1},
  pages = {180022},
  publisher = {{Nature Publishing Group}},
  issn = {2052-4463},
  doi = {10.1038/sdata.2018.22},
  copyright = {2018 The Author(s)},
  language = {en},
  annotation = {Bandiera\_abtest: a Cc\_license\_type: cc\_publicdomain Cg\_type: Nature Research Journals Primary\_atype: Research Subject\_term: Biogeography;Climate-change ecology;Macroecology;Physiology Subject\_term\_id: biogeography;climate-change-ecology;macroecology;physiology},
  file = {/Users/scottericr/Zotero/storage/LPFUF2WB/Bennett et al. - 2018 - GlobTherm, a global database on thermal tolerances.pdf;/Users/scottericr/Zotero/storage/DLTI79Z9/sdata201822.html}
}

@article{bolkerGeneralizedLinearMixed2009,
  title = {Generalized Linear Mixed Models: A Practical Guide for Ecology and Evolution},
  shorttitle = {Generalized Linear Mixed Models},
  author = {Bolker, Benjamin M. and Brooks, Mollie E. and Clark, Connie J. and Geange, Shane W. and Poulsen, John R. and Stevens, M. Henry H. and White, Jada-Simone S.},
  year = {2009},
  month = mar,
  journal = {Trends in Ecology \& Evolution},
  volume = {24},
  number = {3},
  pages = {127--135},
  issn = {01695347},
  doi = {10.1016/j.tree.2008.10.008},
  language = {en}
}

@article{brunaEffectHabitatFragmentation2005,
  title = {The Effect of Habitat Fragmentation on Communities of Mutualists: {{Amazonian}} Ants and Their Host Plants},
  shorttitle = {The Effect of Habitat Fragmentation on Communities of Mutualists},
  author = {Bruna, Emilio M. and Vasconcelos, Heraldo L. and Heredia, Sylvia},
  year = {2005},
  month = jul,
  journal = {Biological Conservation},
  volume = {124},
  number = {2},
  pages = {209--216},
  issn = {00063207},
  doi = {10.1016/j.biocon.2005.01.026},
  language = {en}
}

@article{buenoFacilitationEdgeEffects2015,
  title = {Facilitation and Edge Effects Influence Vegetation Regeneration in Old-Fields at the Tropical {{Andean}} Forest Line},
  author = {Bueno, Andrea and Llamb{\'i}, Luis D.},
  editor = {Wesche, Karsten},
  year = {2015},
  month = oct,
  journal = {Applied Vegetation Science},
  volume = {18},
  number = {4},
  pages = {613--623},
  issn = {14022001},
  doi = {10.1111/avsc.12186},
  language = {en}
}

@article{burnhamMultimodelInferenceUnderstanding2004,
  title = {Multimodel {{Inference}}: {{Understanding AIC}} and {{BIC}} in {{Model Selection}}},
  shorttitle = {Multimodel {{Inference}}},
  author = {Burnham, Kenneth P. and Anderson, David R.},
  year = {2004},
  month = nov,
  journal = {Sociological Methods \& Research},
  volume = {33},
  number = {2},
  pages = {261--304},
  publisher = {{SAGE Publications Inc}},
  issn = {0049-1241},
  doi = {10.1177/0049124104268644},
  language = {en},
  keywords = {AIC,BIC,model averaging,model selection,multimodel inference},
  file = {/Users/scottericr/Zotero/storage/G6CHMIPR/Burnham and Anderson - 2004 - Multimodel Inference Understanding AIC and BIC in.pdf}
}

@article{camargoComplexEdgeEffects1995,
  title = {Complex Edge Effects on Soil Moisture and Microclimate in Central {{Amazonian}} Forest},
  author = {Camargo, J. L. C. and Kapos, V.},
  year = {1995},
  month = may,
  journal = {Journal of Tropical Ecology},
  volume = {11},
  number = {2},
  pages = {205--221},
  issn = {0266-4674, 1469-7831},
  doi = {10.1017/S026646740000866X},
  language = {en}
}

@article{cappelattiSpatialDistributionPopulation2015,
  title = {Spatial Distribution and Population Structure of Palms ({{Arecaceae}}) in a Forest Fragment of Lowland Dense Humid Forest in {{South Brazil}}},
  author = {Cappelatti, Laura and Schmitt, Jairo Lizandro},
  year = {2015-Oct-Dec},
  journal = {Ci\^encia Florestal},
  volume = {4},
  pages = {817--825},
  publisher = {{Universidade Federal de Santa Maria}},
  issn = {0103-9954, 1980-5098},
  doi = {10.5902/1980509820577},
  language = {en},
  keywords = {Altantic rainforest,canopy openness,population ecology,soil humidity},
  file = {/Users/scottericr/Zotero/storage/3TAK2QTY/Cappelatti and Schmitt - 2015 - SPATIAL DISTRIBUTION AND POPULATION STRUCTURE OF P.pdf;/Users/scottericr/Zotero/storage/5Z7DBJMC/YpBNnY3TnTXSW43vSVPRMNn.html}
}

@article{crockattEdgeEffectsMoisture2015,
  title = {Edge Effects on Moisture Reduce Wood Decomposition Rate in a Temperate Forest},
  author = {Crockatt, Martha E. and Bebber, Daniel P.},
  year = {2015},
  month = feb,
  journal = {Global Change Biology},
  volume = {21},
  number = {2},
  pages = {698--707},
  issn = {13541013},
  doi = {10.1111/gcb.12676},
  language = {en}
}

@article{cubidesAnthropogenicDisturbanceEdge2011,
  title = {Anthropogenic {{Disturbance}} and {{Edge Effects}} on {{Anuran Assemblages Inhabiting Cloud Forest Fragments}} in {{Colombia}}},
  author = {Cubides, Paola Johanna Isaacs and Cardona, Jos{\'e} Nicol{\'a}s Urbina},
  year = {2011},
  journal = {Natureza \& Conserva\c{c}\~ao},
  volume = {9},
  number = {1},
  pages = {39--46},
  issn = {1679-0073},
  doi = {10.4322/natcon.2011.004},
  language = {en},
  file = {/Users/scottericr/Zotero/storage/BK7F7KRB/Cubides and Cardona - 2011 - Anthropogenic Disturbance and Edge Effects on Anur.pdf}
}

@article{denyerBufferingNativeForest2006,
  title = {Buffering of Native Forest Edge Microclimate by Adjoining Tree Plantations},
  author = {Denyer, K. and Burns, B. and Ogden, J.},
  year = {2006},
  month = jun,
  journal = {Austral Ecology},
  volume = {31},
  number = {4},
  pages = {478--489},
  issn = {1442-9985, 1442-9993},
  doi = {10.1111/j.1442-9993.2006.01609.x},
  language = {en}
}

@article{desiqueiraUsingVariancesMicroclimate2004,
  title = {Using the Variances of Microclimate Variables to Determine Edge Effects in Small {{Atlantic}} Rain Forest Fragments, South-Eastern {{Brazil}}},
  author = {{de Siqueira}, Ludmila P and {de Matos}, M{\'a}rio Bas{\'i}lio and Matos, Dalva M Silva and Braz, Maria Isabel G and {Silva-Lima}, Leonardo},
  year = {2004},
  volume = {10},
  pages = {59--64},
  keywords = {â›” No DOI found},
  file = {/Users/scottericr/Zotero/storage/APTK7DEH/de Siqueira et al. - USING THE VARIANCES OF MICROCLIMATE VARIABLES TO D.pdf}
}

@article{dilrukshiKirigalaForestFragments2016,
  title = {Kirigala Forest Fragments and the Identity as a Dipterocarp Plantation or {{Hora Kele}} of {{Ingiriya}}},
  author = {Dilrukshi, Iadn and Ranwala, Smw},
  year = {2016},
  month = sep,
  journal = {Journal of the National Science Foundation of Sri Lanka},
  volume = {44},
  number = {3},
  pages = {313},
  issn = {2362-0161, 1391-4588},
  doi = {10.4038/jnsfsr.v44i3.8012},
  file = {/Users/scottericr/Zotero/storage/XITB7XMA/Dilrukshi and Ranwala - 2016 - Kirigala forest fragments and the identity as a di.pdf}
}

@article{ewersConfoundingFactorsDetection2005,
  title = {Confounding Factors in the Detection of Species Responses to Habitat Fragmentation},
  author = {Ewers, Robert M. and Didham, Raphael K.},
  year = {2005},
  month = dec,
  journal = {Biological Reviews},
  volume = {81},
  number = {01},
  pages = {117},
  issn = {1464-7931, 1469-185X},
  doi = {10.1017/S1464793105006949},
  language = {en}
}

@article{gasconMatrixHabitatSpecies1999,
  title = {Matrix Habitat and Species Richness in Tropical Forest Remnants},
  author = {Gascon, Claude and Lovejoy, Thomas E and Bierregaard Jr., Richard O and Malcolm, Jay R and Stouffer, Phillip C and Vasconcelos, Heraldo L and Laurance, William F and Zimmerman, Barbara and Tocher, Mandy and Borges, S{\'e}rgio},
  year = {1999},
  month = dec,
  journal = {Biological Conservation},
  volume = {91},
  number = {2-3},
  pages = {223--229},
  issn = {00063207},
  doi = {10.1016/S0006-3207(99)00080-4},
  language = {en}
}

@article{gasconRecedingForestEdges2000,
  title = {Receding {{Forest Edges}} and {{Vanishing Reserves}}},
  shorttitle = {{{ECOLOGY}}},
  author = {Gascon, C.},
  year = {2000},
  month = may,
  journal = {Science},
  volume = {288},
  number = {5470},
  pages = {1356--1358},
  issn = {00368075, 10959203},
  doi = {10.1126/science.288.5470.1356}
}

@article{giamGlobalBiodiversityLoss2017,
  title = {Global Biodiversity Loss from Tropical Deforestation},
  author = {Giam, Xingli},
  year = {2017},
  month = jun,
  journal = {Proceedings of the National Academy of Sciences},
  volume = {114},
  number = {23},
  pages = {5775--5777},
  issn = {0027-8424, 1091-6490},
  doi = {10.1073/pnas.1706264114},
  language = {en},
  file = {/Users/scottericr/Zotero/storage/HU3PG5P4/Giam - 2017 - Global biodiversity loss from tropical deforestati.pdf}
}

@article{haddadHabitatFragmentationIts2015,
  title = {Habitat Fragmentation and Its Lasting Impact on {{Earth}}'s Ecosystems},
  author = {Haddad, Nick M. and Brudvig, Lars A. and Clobert, Jean and Davies, Kendi F. and Gonzalez, Andrew and Holt, Robert D. and Lovejoy, Thomas E. and Sexton, Joseph O. and Austin, Mike P. and Collins, Cathy D. and Cook, William M. and Damschen, Ellen I. and Ewers, Robert M. and Foster, Bryan L. and Jenkins, Clinton N. and King, Andrew J. and Laurance, William F. and Levey, Douglas J. and Margules, Chris R. and Melbourne, Brett A. and Nicholls, A. O. and Orrock, John L. and Song, Dan-Xia and Townshend, John R.},
  year = {2015},
  month = mar,
  journal = {Science Advances},
  volume = {1},
  number = {2},
  pages = {e1500052},
  issn = {2375-2548},
  doi = {10.1126/sciadv.1500052},
  language = {en},
  file = {/Users/scottericr/Zotero/storage/2QPZ2PJR/Haddad et al. - 2015 - Habitat fragmentation and its lasting impact on Ea.pdf}
}

@article{harrisEdgeEffectsConservation1988,
  title = {Edge {{Effects}} and {{Conservation}} of {{Biotic Diversity}}},
  author = {Harris, Larry D.},
  year = {1988},
  month = dec,
  journal = {Conservation Biology},
  volume = {2},
  number = {4},
  pages = {330--332},
  issn = {0888-8892, 1523-1739},
  doi = {10.1111/j.1523-1739.1988.tb00196.x},
  language = {en}
}

@article{harrisonBriefIntroductionMixed2018,
  title = {A Brief Introduction to Mixed Effects Modelling and Multi-Model Inference in Ecology},
  author = {Harrison, Xavier A. and Donaldson, Lynda and {Correa-Cano}, Maria Eugenia and Evans, Julian and Fisher, David N. and Goodwin, Cecily E.D. and Robinson, Beth S. and Hodgson, David J. and Inger, Richard},
  year = {2018},
  month = may,
  journal = {PeerJ},
  volume = {6},
  pages = {e4794},
  issn = {2167-8359},
  doi = {10.7717/peerj.4794},
  language = {en},
  file = {/Users/scottericr/Zotero/storage/6X64Q9S8/Harrison et al. - 2018 - A brief introduction to mixed effects modelling an.pdf}
}

@article{heitheckerEdgerelatedGradientsMicroclimate2007,
  title = {Edge-Related Gradients in Microclimate in Forest Aggregates Following Structural Retention Harvests in Western {{Washington}}},
  author = {Heithecker, Troy D. and Halpern, Charles B.},
  year = {2007},
  month = sep,
  journal = {Forest Ecology and Management},
  volume = {248},
  number = {3},
  pages = {163--173},
  issn = {03781127},
  doi = {10.1016/j.foreco.2007.05.003},
  language = {en}
}

@book{laurance1997tropical,
  title = {Tropical Forest Remnants: Ecology, Management, and Conservation of Fragmented Communities},
  author = {Laurance, William F and Bierregaard, Richard O},
  year = {1997},
  publisher = {{University of Chicago Press}}
}

@article{lauranceEcosystemDecayAmazonian2002,
  title = {Ecosystem {{Decay}} of {{Amazonian Forest Fragments}}: A 22-{{Year Investigation}}},
  shorttitle = {Ecosystem {{Decay}} of {{Amazonian Forest Fragments}}},
  author = {Laurance, William F. and Lovejoy, Thomas E. and Vasconcelos, Heraldo L. and Bruna, Emilio M. and Didham, Raphael K. and Stouffer, Philip C. and Gascon, Claude and Bierregaard, Richard O. and Laurance, Susan G. and Sampaio, Erica},
  year = {2002},
  month = jun,
  journal = {Conservation Biology},
  volume = {16},
  number = {3},
  pages = {605--618},
  issn = {0888-8892, 1523-1739},
  doi = {10.1046/j.1523-1739.2002.01025.x},
  language = {en}
}

@article{lauranceEffectsForestFragmentation1998,
  title = {Effects of {{Forest Fragmentation}} on {{Recruitment Patterns}} in {{Amazonian Tree Communities}}},
  author = {Laurance, William F. and Ferreira, Leandro V. and Merona, Judy M. Rankin-De and Laurance, Susan G. and Hutchings, Roger W. and Lovejoy, Thomas E.},
  year = {1998},
  month = apr,
  journal = {Conservation Biology},
  volume = {12},
  number = {2},
  pages = {460--464},
  issn = {0888-8892, 1523-1739},
  doi = {10.1046/j.1523-1739.1998.97175.x},
  language = {en}
}

@article{lauranceFateAmazonianForest2011,
  title = {The Fate of {{Amazonian}} Forest Fragments: {{A}} 32-Year Investigation},
  shorttitle = {The Fate of {{Amazonian}} Forest Fragments},
  author = {Laurance, William F. and Camargo, Jos{\'e} L.C. and Luiz{\~a}o, Regina C.C. and Laurance, Susan G. and Pimm, Stuart L. and Bruna, Emilio M. and Stouffer, Philip C. and Bruce Williamson, G. and {Ben{\'i}tez-Malvido}, Julieta and Vasconcelos, Heraldo L. and Van Houtan, Kyle S. and Zartman, Charles E. and Boyle, Sarah A. and Didham, Raphael K. and Andrade, Ana and Lovejoy, Thomas E.},
  year = {2011},
  month = jan,
  journal = {Biological Conservation},
  volume = {144},
  number = {1},
  pages = {56--67},
  issn = {00063207},
  doi = {10.1016/j.biocon.2010.09.021},
  language = {en}
}

@article{laurancePredictingImpactsEdge1991,
  title = {Predicting the Impacts of Edge Effects in Fragmented Habitats},
  author = {Laurance, William F. and Yensen, Eric},
  year = {1991},
  journal = {Biological Conservation},
  volume = {55},
  number = {1},
  pages = {77--92},
  issn = {00063207},
  doi = {10.1016/0006-3207(91)90006-U},
  language = {en}
}

@article{mesquitaEffectSurroundingVegetation1999,
  title = {Effect of Surrounding Vegetation on Edge-Related Tree Mortality in {{Amazonian}} Forest Fragments},
  author = {Mesquita, Rita C.G. and Delam{\^o}nica, Patricia and Laurance, William F.},
  year = {1999},
  month = dec,
  journal = {Biological Conservation},
  volume = {91},
  number = {2-3},
  pages = {129--134},
  issn = {00063207},
  doi = {10.1016/S0006-3207(99)00086-5},
  language = {en}
}

@article{murciaEdgeEffectsFragmented1995,
  title = {Edge Effects in Fragmented Forests: Implications for Conservation},
  shorttitle = {Edge Effects in Fragmented Forests},
  author = {Murcia, Carolina},
  year = {1995},
  month = feb,
  journal = {Trends in Ecology \& Evolution},
  volume = {10},
  number = {2},
  pages = {58--62},
  issn = {01695347},
  doi = {10.1016/S0169-5347(00)88977-6},
  language = {en}
}

@article{nepstadRoadPavingFire2001,
  title = {Road Paving, Fire Regime Feedbacks, and the Future of {{Amazon}} Forests},
  author = {Nepstad, Daniel and Carvalho, Georgia and Cristina Barros, Ana and Alencar, Ane and Paulo Capobianco, Jo{\~a}o and Bishop, Josh and Moutinho, Paulo and Lefebvre, Paul and Lopes Silva, Urbano and Prins, Elaine},
  year = {2001},
  month = dec,
  journal = {Forest Ecology and Management},
  volume = {154},
  number = {3},
  pages = {395--407},
  issn = {03781127},
  doi = {10.1016/S0378-1127(01)00511-4},
  language = {en}
}

@article{pfeiferBIOFRAGNewDatabase2014,
  title = {{{BIOFRAG}} \textendash{} a New Database for Analyzing {{BIOdiversity}} Responses to Forest {{FRAGmentation}}},
  author = {Pfeifer, Marion and Lefebvre, Veronique and Gardner, Toby A. and {Arroyo-Rodriguez}, Victor and Baeten, Lander and {Banks-Leite}, Cristina and Barlow, Jos and Betts, Matthew G. and Brunet, Joerg and Cerezo, Alexis and Cisneros, Laura M. and Collard, Stuart and D'Cruze, Neil and {da Silva Motta}, Catarina and Duguay, Stephanie and Eggermont, Hilde and Eigenbrod, Felix and Hadley, Adam S. and Hanson, Thor R. and Hawes, Joseph E. and Heartsill Scalley, Tamara and Klingbeil, Brian T. and Kolb, Annette and Kormann, Urs and Kumar, Sunil and Lachat, Thibault and Lakeman Fraser, Poppy and Lantschner, Victoria and Laurance, William F. and Leal, Inara R. and Lens, Luc and Marsh, Charles J. and {Medina-Rangel}, Guido F. and Melles, Stephanie and Mezger, Dirk and Oldekop, Johan A. and Overal, William L. and Owen, Charlotte and Peres, Carlos A. and Phalan, Ben and Pidgeon, Anna M. and Pilia, Oriana and Possingham, Hugh P. and Possingham, Max L. and Raheem, Dinarzarde C. and Ribeiro, Danilo B. and Ribeiro Neto, Jose D. and Douglas Robinson, W and Robinson, Richard and Rytwinski, Trina and Scherber, Christoph and Slade, Eleanor M. and Somarriba, Eduardo and Stouffer, Philip C. and Struebig, Matthew J. and Tylianakis, Jason M. and Tscharntke, Teja and Tyre, Andrew J. and Urbina Cardona, Jose N. and Vasconcelos, Heraldo L. and Wearn, Oliver and Wells, Konstans and Willig, Michael R. and Wood, Eric and Young, Richard P. and Bradley, Andrew V. and Ewers, Robert M.},
  year = {2014},
  journal = {Ecology and Evolution},
  volume = {4},
  number = {9},
  pages = {1524--1537},
  issn = {2045-7758},
  doi = {10.1002/ece3.1036},
  language = {en},
  keywords = {Bioinformatics,data sharing,database,edge effects,forest fragmentation,global change,landscape metrics,matrix contrast,species turnover},
  annotation = {\_eprint: https://onlinelibrary.wiley.com/doi/pdf/10.1002/ece3.1036},
  file = {/Users/scottericr/Zotero/storage/6LZ5YQ44/Pfeifer et al. - 2014 - BIOFRAG â€“ a new database for analyzing BIOdiversit.pdf;/Users/scottericr/Zotero/storage/JHQ88YEV/ece3.html}
}

@article{pfeiferCreationForestEdges2017,
  title = {Creation of Forest Edges Has a Global Impact on Forest Vertebrates},
  author = {Pfeifer, M. and Lefebvre, V. and Peres, C. A. and {Banks-Leite}, C. and Wearn, O. R. and Marsh, C. J. and Butchart, S. H. M. and {Arroyo-Rodr{\'i}guez}, V. and Barlow, J. and Cerezo, A. and Cisneros, L. and D'Cruze, N. and Faria, D. and Hadley, A. and Harris, S. M. and Klingbeil, B. T. and Kormann, U. and Lens, L. and {Medina-Rangel}, G. F. and {Morante-Filho}, J. C. and Olivier, P. and Peters, S. L. and Pidgeon, A. and Ribeiro, D. B. and Scherber, C. and {Schneider-Maunoury}, L. and Struebig, M. and {Urbina-Cardona}, N. and Watling, J. I. and Willig, M. R. and Wood, E. M. and Ewers, R. M.},
  year = {2017},
  month = nov,
  journal = {Nature},
  volume = {551},
  number = {7679},
  pages = {187--191},
  publisher = {{Nature Publishing Group}},
  issn = {1476-4687},
  doi = {10.1038/nature24457},
  copyright = {2017 Macmillan Publishers Limited, part of Springer Nature. All rights reserved.},
  language = {en},
  annotation = {Bandiera\_abtest: a Cg\_type: Nature Research Journals Primary\_atype: Research Subject\_term: Biodiversity;Conservation biology;Ecological modelling;Forest ecology Subject\_term\_id: biodiversity;conservation;ecological-modelling;forest-ecology},
  file = {/Users/scottericr/Zotero/storage/42CKQ3ED/Pfeifer et al. - 2017 - Creation of forest edges has a global impact on fo.pdf;/Users/scottericr/Zotero/storage/3IJEPMDQ/nature24457.html}
}

@article{pohlmanEdgeEffectsLinear2007,
  title = {Edge {{Effects}} of {{Linear Canopy Openings}} on {{Tropical Rain Forest Understory Microclimate}}},
  author = {Pohlman, Catherine L. and Turton, Stephen M. and Goosem, Miriam},
  year = {2007},
  month = jan,
  journal = {Biotropica},
  volume = {39},
  number = {1},
  pages = {62--71},
  issn = {0006-3606, 1744-7429},
  doi = {10.1111/j.1744-7429.2006.00238.x},
  language = {en}
}

@article{savilaaksoMicroclimateTreeCommunity2009,
  title = {Microclimate and Tree Community Linked to Differences in Lepidopteran Larval Communities between Forest Fragments and Continuous Forest},
  author = {Savilaakso, Sini and Koivisto, Jenny and Veteli, Timo O. and Roininen, Heikki},
  year = {2009},
  month = mar,
  journal = {Diversity and Distributions},
  volume = {15},
  number = {2},
  pages = {356--365},
  issn = {13669516, 14724642},
  doi = {10.1111/j.1472-4642.2008.00542.x},
  language = {en}
}

@article{sizerResponsesWoodyPlant1999,
  title = {Responses of Woody Plant Seedlings to Edge Formation in a Lowland Tropical Rainforest, {{Amazonia}}},
  author = {Sizer, Nigel and Tanner, Edmund V.J.},
  year = {1999},
  month = dec,
  journal = {Biological Conservation},
  volume = {91},
  number = {2-3},
  pages = {135--142},
  issn = {00063207},
  doi = {10.1016/S0006-3207(99)00076-2},
  language = {en}
}




@article{broadbentForestFragmentationEdge2008,
  title = {Forest Fragmentation and Edge Effects from Deforestation and Selective Logging in the {{Brazilian Amazon}}},
  author = {Broadbent, E. N. and Asner, G. P. and Keller, M. and Knapp, D. E. and Oliveira, P. J. C. and Silva, J. N.},
  year = {2008},
  journal = {Biological Conservation},
  volume = {141},
  pages = {1745--1757},
  doi = {10.1016/j.biocon.2008.04.024}
}





@article{harrisonHabitatFragmentationLargescale1999,
  title = {Habitat Fragmentation and Large-Scale Conservation: What Do We Know for Sure?},
  shorttitle = {Habitat Fragmentation and Large-Scale Conservation},
  author = {Harrison, Susan and Bruna, Emilio},
  year = {1999},
  journal = {Ecography},
  volume = {22},
  number = {3},
  pages = {225--232},
  issn = {1600-0587},
  doi = {10.1111/j.1600-0587.1999.tb00496.x},
  language = {en},
  annotation = {\_eprint: https://onlinelibrary.wiley.com/doi/pdf/10.1111/j.1600-0587.1999.tb00496.x},
  file = {/Users/scottericr/Zotero/storage/J9IF733K/Harrison and Bruna - 1999 - Habitat fragmentation and large-scale conservation.pdf;/Users/scottericr/Zotero/storage/EN37QAXE/j.1600-0587.1999.tb00496.html}
}





@article{zartmanHabitatFragmentationImpacts2003,
  title = {Habitat Fragmentation Impacts on Epiphyllous Bryophyte Communities in Central {{Amazonia}}},
  author = {Zartman, C. E.},
  year = {2003},
  journal = {Ecology},
  volume = {84},
  number = {4},
  pages = {948--954},
  doi = {10.1890/0012-9658(2003)084[0948:HFIOEB]2.0.CO;2},
  keywords = {amazon rainforests bryophytes community structure epiphylls habitat fragmentation rarefaction reserve design tropical rain-forest satellite species hypothesis costa-rica abundance extinction dynamics diversity size core responses}
}





@article{fischerLandscapeModificationHabitat2007,
  title = {Landscape Modification and Habitat Fragmentation: A Synthesis},
  shorttitle = {Landscape Modification and Habitat Fragmentation},
  author = {Fischer, Joern and Lindenmayer, David B.},
  year = {2007},
  journal = {Global Ecology and Biogeography},
  volume = {16},
  number = {3},
  pages = {265--280},
  issn = {1466-8238},
  doi = {10.1111/j.1466-8238.2007.00287.x},
  language = {en},
  keywords = {Connectivity,countryside biogeography,edge effects,extinction proneness,habitat fragmentat,habitat loss,keystone,landscape heterogeneity,matrix,species,threatening processes},
  annotation = {\_eprint: https://onlinelibrary.wiley.com/doi/pdf/10.1111/j.1466-8238.2007.00287.x},
  file = {/Users/scottericr/Zotero/storage/UW997WJQ/Fischer and Lindenmayer - 2007 - Landscape modification and habitat fragmentation .pdf;/Users/scottericr/Zotero/storage/5S3QGI95/j.1466-8238.2007.00287.html}
}





@article{brudvigEvaluatingConceptualModels2017,
  title = {Evaluating Conceptual Models of Landscape Change},
  author = {Brudvig, Lars A. and Leroux, Shawn J. and Albert, C{\'e}cile H. and Bruna, Emilio M. and Davies, Kendi F. and Ewers, Robert M. and Levey, Douglas J. and Pardini, Renata and Resasco, Julian},
  year = {2017},
  month = jan,
  journal = {Ecography},
  volume = {40},
  number = {1},
  pages = {74--84},
  issn = {09067590},
  doi = {10.1111/ecog.02543},
  language = {en},
  file = {/Users/scottericr/Zotero/storage/T5QNHHL4/Brudvig et al. - 2017 - Evaluating conceptual models of landscape change.pdf}
}





@article{resascoContributionTheoryExperiments2017,
  title = {The Contribution of Theory and Experiments to Conservation in Fragmented Landscapes},
  author = {Resasco, Julian and Bruna, Emilio M. and Haddad, Nick M. and {Banks-Leite}, Cristina and Margules, Christopher R.},
  year = {2017},
  month = jan,
  journal = {Ecography},
  volume = {40},
  number = {1},
  pages = {109--118},
  issn = {09067590},
  doi = {10.1111/ecog.02546},
  language = {en},
  file = {/Users/scottericr/Zotero/storage/Q68S8DWL/Resasco et al. - 2017 - The contribution of theory and experiments to cons.pdf}
}





@book{harrisFragmentedForestIsland1984,
  title = {The {{Fragmented Forest}}: {{Island Biogeography Theory}} and the {{Preservation}} of {{Biotic Diversity}}.},
  author = {Harris, Larry D.},
  year = {1984},
  publisher = {{University of Chicago Press}},
  address = {{Chicago}}
}





@incollection{wilcoveHabitatFragmentationTemperate1986,
  title = {Habitat Fragmentation in the Temperate Zone.},
  booktitle = {Conservation Biology: {{The}} Science of Scarcity and Diversity.},
  author = {Wilcove, D. S. and McLellan, C.H. and Dobson, A.P.},
  editor = {Soul{\'e}, M.E.},
  year = {1986},
  pages = {237--256.},
  publisher = {{Sinauer Associates}},
  address = {{Sunderland}}
}





@manual{rcoreteamLanguageEnvironmentStatistical2020,
  type = {Manual},
  title = {R: {{A}} Language and Environment for Statistical Computing},
  author = {{R Core Team}},
  year = {2020},
  address = {{Vienna, Austria}},
  organization = {{R Foundation for Statistical Computing}}
}



